@article{fabian1,
 author = {Carpi, F. and De Rossi, D.},
 title = {Electroactive Polymer-based Devices for e-Textiles in Biomedicine},
 journal = {Trans. Info. Tech. Biomed.},
 issue_date = {September 2005},
 volume = {9},
 number = {3},
 month = sep,
 year = {2005},
 issn = {1089-7771},
 pages = {295--318},
 numpages = {24},
 url = {https://doi.org/10.1109/TITB.2005.854514},
 doi = {10.1109/TITB.2005.854514},
 acmid = {2223311},
 publisher = {IEEE Press},
 address = {Piscataway, NJ, USA},
 keywords = {Biomonitoring, e-textiles, electroactive polymers (EAPs), electronic textiles, polymer actuators, polymer batteries, polymer electronics, polymer sensors, rehabilitation and telemedicine, smart textiles, wearable sensors},
}


@article{fabian2,
 author = {Kafai, Yasmin B. and Lee, Eunkyoung and Searle, Kristin and Fields, Deborah and Kaplan, Eliot and Lui, Debora},
 title = {A Crafts-Oriented Approach to Computing in High School: Introducing Computational Concepts, Practices, and Perspectives with Electronic Textiles},
 journal = {Trans. Comput. Educ.},
 issue_date = {March 2014},
 volume = {14},
 number = {1},
 month = mar,
 year = {2014},
 issn = {1946-6226},
 pages = {1:1--1:20},
 articleno = {1},
 numpages = {20},
 url = {http://doi.acm.org/10.1145/2576874},
 doi = {10.1145/2576874},
 acmid = {2576874},
 publisher = {ACM},
 address = {New York, NY, USA},
 keywords = {Electronic textiles, K-12, education},
}
@inproceedings{belt, %fabian3,
 author = {Dobbelstein, David and Hock, Philipp and Rukzio, Enrico},
 title = {Belt: An Unobtrusive Touch Input Device for Head-worn Displays},
 booktitle = {Proceedings of the 33rd Annual ACM Conference on Human Factors in Computing Systems},
 series = {CHI '15},
 year = {2015},
 isbn = {978-1-4503-3145-6},
 location = {Seoul, Republic of Korea},
 pages = {2135--2138},
 numpages = {4},
 url = {http://doi.acm.org/10.1145/2702123.2702450},
 doi = {10.1145/2702123.2702450},
 acmid = {2702450},
 publisher = {ACM},
 address = {New York, NY, USA},
 keywords = {spatial mapping, touch, unobtrusive, wearable input},
}
@article{fabian4,
author = {Bellingham, Alyssa and Fontecchio, Adam},
year = {2017},
month = {07},
pages = {1-1},
title = {Direct integration of individually controlled emissive pixels into knit fabric for fabric-based dynamic display},
volume = {PP},
booktitle = {IEEE Photonics Journal}
}

@inproceedings{fabian5,
 author = {Varga, Matija and Tr\"{o}ster, Gerhard},
 title = {Designing an Interface Between the Textile and Electronics Using e-Textile Composites},
 booktitle = {Proceedings of the 2014 ACM International Symposium on Wearable Computers: Adjunct Program},
 series = {ISWC '14 Adjunct},
 year = {2014},
 isbn = {978-1-4503-3048-0},
 location = {Seattle, Washington},
 pages = {255--260},
 numpages = {6},
 url = {http://doi.acm.org/10.1145/2641248.2666717},
 doi = {10.1145/2641248.2666717},
 acmid = {2666717},
 publisher = {ACM},
 address = {New York, NY, USA},
 keywords = {e-textile composites, smart textiles, textile circuits, wearable computing},
}

@inproceedings{fabian6,
 author = {Klamka, Konstantin and Dachselt, Raimund},
 title = {Elasticcon: Elastic Controllers for Casual Interaction},
 booktitle = {Proceedings of the 17th International Conference on Human-Computer Interaction with Mobile Devices and Services},
 series = {MobileHCI '15},
 year = {2015},
 isbn = {978-1-4503-3652-9},
 location = {Copenhagen, Denmark},
 pages = {410--419},
 numpages = {10},
 url = {http://doi.acm.org/10.1145/2785830.2785849},
 doi = {10.1145/2785830.2785849},
 acmid = {2785849},
 publisher = {ACM},
 address = {New York, NY, USA},
 keywords = {casual interaction, elastic input, mobile input device, mobile interaction, multi-modal, string-based interaction, wearable},
}

@inproceedings{smart-sleeve,
 author = {Parzer, Patrick and Sharma, Adwait and Vogl, Anita and Steimle, J\"{u}rgen and Olwal, Alex and Haller, Michael},
 title = {SmartSleeve: Real-time Sensing of Surface and Deformation Gestures on Flexible, Interactive Textiles, Using a Hybrid Gesture Detection Pipeline},
 booktitle = {Proceedings of the 30th Annual ACM Symposium on User Interface Software and Technology},
 series = {UIST '17},
 year = {2017},
 isbn = {978-1-4503-4981-9},
 location = {Qu\&\#233;bec City, QC, Canada},
 pages = {565--577},
 numpages = {13},
 url = {http://doi.acm.org/10.1145/3126594.3126652},
 doi = {10.1145/3126594.3126652},
 acmid = {3126652},
 publisher = {ACM},
 address = {New York, NY, USA},
 keywords = {deformation gestures, smart textile, surface gestures},
}
@inproceedings{more-touch,
 author = {Weigel, Martin and Mehta, Vikram and Steimle, J\"{u}rgen},
 title = {More Than Touch: Understanding How People Use Skin As an Input Surface for Mobile Computing},
 booktitle = {Proceedings of the SIGCHI Conference on Human Factors in Computing Systems},
 series = {CHI '14},
 year = {2014},
 isbn = {978-1-4503-2473-1},
 location = {Toronto, Ontario, Canada},
 pages = {179--188},
 numpages = {10},
 url = {http://doi.acm.org/10.1145/2556288.2557239},
 doi = {10.1145/2556288.2557239},
 acmid = {2557239},
 publisher = {ACM},
 address = {New York, NY, USA},
 keywords = {deformable surface, elicitation study, mobile computing, on-skin input, skin gestures, touch input},
}
@inproceedings{jacquard,
 author = {Poupyrev, Ivan and Gong, Nan-Wei and Fukuhara, Shiho and Karagozler, Mustafa Emre and Schwesig, Carsten and Robinson, Karen E.},
 title = {Project Jacquard: Interactive Digital Textiles at Scale},
 booktitle = {Proceedings of the 2016 CHI Conference on Human Factors in Computing Systems},
 series = {CHI '16},
 year = {2016},
 isbn = {978-1-4503-3362-7},
 location = {San Jose, California, USA},
 pages = {4216--4227},
 numpages = {12},
 url = {http://doi.acm.org/10.1145/2858036.2858176},
 doi = {10.1145/2858036.2858176},
 acmid = {2858176},
 publisher = {ACM},
 address = {New York, NY, USA},
 keywords = {information interfaces and presentation},
}
@article{andrea4,
author = {Stoppa, Matteo and Chiolerio, Alessandro},
year = {2014},
month = {07},
pages = {11957-11992},
title = {Wearable Electronics and Smart Textiles: A Critical Review},
volume = {14},
booktitle = {Sensors (Basel, Switzerland)}
}
@INPROCEEDINGS{andrea5,
author={J. F. Knight and D. Deen-Williams and T. N. Arvanitis and C. Baber and S. Sotiriou and S. Anastopoulou and M. Gargalakos},
booktitle={2006 10th IEEE International Symposium on Wearable Computers},
title={Assessing the Wearability of Wearable Computers},
year={2006},
volume={},
number={},
pages={75-82},
keywords={human computer interaction;wearable computers;biomechanical effects;health issues;musculoskeletal loading;physiological energy;safety issues;wearability;wearable computers;Belts;Fatigue;Humans;Mobile handsets;Musculoskeletal system;Neck;Physics computing;Shape;Stress;Wearable computers},
doi={10.1109/ISWC.2006.286347},
ISSN={1550-4816},
month={Oct},}

@unknown{andrea6,
author = {Weigel, Martin and lu, Tong and Bailly, Gilles and Oulasvirta, Antti and Majidi, Carmel and Steimle, JÃ¼rgen},
year = {2015},
month = {04},
pages = {2991-3000},
title = {iSkin: Flexible, Stretchable and Visually Customizable On-Body Touch Sensors}
}

@phdthesis{vogel1,
 author = {Ashbrook, Daniel L.},
 advisor = {Starner, Thad E.},
 title = {Enabling Mobile Microinteractions},
 year = {2010},
 isbn = {978-1-124-07697-3},
 note = {AAI3414437},
 publisher = {Georgia Institute of Technology},
 address = {Atlanta, GA, USA},
}
@unknown{vogel2,
author = {Yu, Saet-Byeol and Yoon, Hyoseok and Park, Se-Ho and Lee, Kyung-Taek},
year = {2017},
month = {09},
pages = {265-266},
title = {Motion UI: Motion-based user interface for movable wrist-worn devices}
}
@inproceedings{vogel3,
 author = {Schneegass, Stefan and Hassib, Mariam and Zhou, Bo and Cheng, Jingyuan and Seoane, Fernando and Amft, Oliver and Lukowicz, Paul and Schmidt, Albrecht},
 title = {SimpleSkin: Towards Multipurpose Smart Garments},
 booktitle = {Adjunct Proceedings of the 2015 ACM International Joint Conference on Pervasive and Ubiquitous Computing and Proceedings of the 2015 ACM International Symposium on Wearable Computers},
 series = {UbiComp/ISWC'15 Adjunct},
 year = {2015},
 isbn = {978-1-4503-3575-1},
 location = {Osaka, Japan},
 pages = {241--244},
 numpages = {4},
 url = {http://doi.acm.org/10.1145/2800835.2800935},
 doi = {10.1145/2800835.2800935},
 acmid = {2800935},
 publisher = {ACM},
 address = {New York, NY, USA},
 keywords = {smart textiles, system prototype},
}
@inproceedings{vogel4,
 author = {Zhou, Bo and Cheng, Jingyuan and Sundholm, Mathias and Lukowicz, Paul},
 title = {From Smart Clothing to Smart Table Cloth: Design and Implementation of a Large Scale, Textile Pressure Matrix Sensor},
 booktitle = {Proceedings of the 27th International Conference on Architecture of Computing Systems \&\#151; ARCS 2014 - Volume 8350},
 year = {2014},
 isbn = {978-3-319-04890-1},
 pages = {159--170},
 numpages = {12},
 url = {https://doi.org/10.1007/978-3-319-04891-8_14},
 doi = {10.1007/978-3-319-04891-8_14},
 acmid = {2735172},
 publisher = {Springer-Verlag},
 address = {Berlin, Heidelberg},
 keywords = {large scale data acquisition system, pressure sensor matrix, wearable and ubiquitous computing},
}
@INPROCEEDINGS{vogel5,
author={J. Meyer and P. Lukowicz and G. Troster},
booktitle={2006 10th IEEE International Symposium on Wearable Computers},
title={Textile Pressure Sensor for Muscle Activity and Motion Detection},
year={2006},
volume={},
number={},
pages={69-72},
keywords={biomechanics;biomedical equipment;capacitive sensors;medical computing;muscle;pressure sensors;tactile sensors;wearable computers;capacitive pressure sensor;motion detection;muscle activity;pressure-sore prevention;textile pressure sensor;wearable computers;Capacitive sensors;Electrical resistance measurement;Electrodes;Immune system;Motion detection;Muscles;Sensor arrays;Textiles;Wearable sensors;Yarn},
doi={10.1109/ISWC.2006.286346},
ISSN={1550-4816},
month={Oct},}
@inproceedings{vogel6,
 author = {Wang, Qi and Markopoulos, Panos and Chen, Wei},
 title = {Smart Rehabilitation Garment Design for Arm-hand Training},
 booktitle = {Proceedings of the 8th International Conference on Pervasive Computing Technologies for Healthcare},
 series = {PervasiveHealth '14},
 year = {2014},
 isbn = {978-1-63190-011-2},
 location = {Oldenburg, Germany},
 pages = {328--330},
 numpages = {3},
 url = {http://dx.doi.org/10.4108/icst.pervasivehealth.2014.255256},
 doi = {10.4108/icst.pervasivehealth.2014.255256},
 acmid = {2686965},
 publisher = {ICST (Institute for Computer Sciences, Social-Informatics and Telecommunications Engineering)},
 address = {ICST, Brussels, Belgium, Belgium},
 keywords = {arm-hand rehabilitation, smart garment design, smart textiles, wearable technology},
}
@inproceedings{vogel7,
 author = {Funk, Markus and Sahami, Alireza and Henze, Niels and Schmidt, Albrecht},
 title = {Using a Touch-sensitive Wristband for Text Entry on Smart Watches},
 booktitle = {CHI '14 Extended Abstracts on Human Factors in Computing Systems},
 series = {CHI EA '14},
 year = {2014},
 isbn = {978-1-4503-2474-8},
 location = {Toronto, Ontario, Canada},
 pages = {2305--2310},
 numpages = {6},
 url = {http://doi.acm.org/10.1145/2559206.2581143},
 doi = {10.1145/2559206.2581143},
 acmid = {2581143},
 publisher = {ACM},
 address = {New York, NY, USA},
 keywords = {keyboard, smart watch, text entry, wristband},
}
@inproceedings{vogel8,
 author = {Quinn, Philip and Cockburn, Andy},
 title = {Zoofing!: Faster List Selections with Pressure-zoom-flick-scrolling},
 booktitle = {Proceedings of the 21st Annual Conference of the Australian Computer-Human Interaction Special Interest Group: Design: Open 24/7},
 series = {OZCHI '09},
 year = {2009},
 isbn = {978-1-60558-854-4},
 location = {Melbourne, Australia},
 pages = {185--192},
 numpages = {8},
 url = {http://doi.acm.org/10.1145/1738826.1738856},
 doi = {10.1145/1738826.1738856},
 acmid = {1738856},
 publisher = {ACM},
 address = {New York, NY, USA},
 keywords = {flicking, list selection, pressure, scrolling, zooming},
}

@INPROCEEDINGS{ulbrich1,
author={C. Euler and C. T. Lin and B. Juarez and M. Flores},
booktitle={2016 15th IEEE International Conference on Machine Learning and Applications (ICMLA)},
title={Real-Time Activity Classification by Matched Filtering Using Body-Worn Accelerometers},
year={2016},
volume={},
number={},
pages={1059-1062},
keywords={accelerometers;data compression;image classification;image filtering;matched filters;principal component analysis;MSP432P401R low-powered microcontroller;PCA;body-worn accelerometers;data compression technique;data decimation;dimensionality reduction;instance-based learning algorithm;matched-filtering method;principal component analysis;real-time activity classification;sensor orientation;three-axis accelerometer;throughput enhancement;Correlation;Legged locomotion;Microcontrollers;Real-time systems;Throughput;Time-frequency analysis;Training;Activity classification;Machine learning;Matched filtering;Real-time processing},
doi={10.1109/ICMLA.2016.0192},
ISSN={},
month={Dec},}

@inproceedings{ulbrich2,
 author = {Nittala, Aditya Shekhar and Withana, Anusha and Pourjafarian, Narjes and Steimle, J\"{u}rgen},
 title = {Multi-Touch Skin: A Thin and Flexible Multi-Touch Sensor for On-Skin Input},
 booktitle = {Proceedings of the 2018 CHI Conference on Human Factors in Computing Systems},
 series = {CHI '18},
 year = {2018},
 isbn = {978-1-4503-5620-6},
 location = {Montreal QC, Canada},
 pages = {33:1--33:12},
 articleno = {33},
 numpages = {12},
 url = {http://doi.acm.org/10.1145/3173574.3173607},
 doi = {10.1145/3173574.3173607},
 acmid = {3173607},
 publisher = {ACM},
 address = {New York, NY, USA},
 keywords = {electronic skin, fabrication, flexible sensor, multi-touch input, on-body input, wearable computing},
}
@inproceedings{ulbrich3,
 author = {Profita, Halley P. and Clawson, James and Gilliland, Scott and Zeagler, Clint and Starner, Thad and Budd, Jim and Do, Ellen Yi-Luen},
 title = {Don'T Mind Me Touching My Wrist: A Case Study of Interacting with On-body Technology in Public},
 booktitle = {Proceedings of the 2013 International Symposium on Wearable Computers},
 series = {ISWC '13},
 year = {2013},
 isbn = {978-1-4503-2127-3},
 location = {Zurich, Switzerland},
 pages = {89--96},
 numpages = {8},
 url = {http://doi.acm.org/10.1145/2493988.2494331},
 doi = {10.1145/2493988.2494331},
 acmid = {2494331},
 publisher = {ACM},
 address = {New York, NY, USA},
 keywords = {electronic textiles, fashion, gesture interactions., wearable technology},
}

@article{ulbrich4,
author = {Rendl, Christian and Greindl, Patrick and Probst, Kathrin and Behrens, Martin and Haller, Michael},
year = {2014},
month = {04},
pages = {},
title = {Presstures: Exploring pressure-sensitive multi-touch gestures on trackpads},
isbn = {978-1-4503-2473-1},
booktitle = {Conference on Human Factors in Computing Systems - Proceedings}
}
